@online{wiki,
author = {Wikipedia},
title = {{MP3}},
date = {25/07/2013},
organization = {Wikipedia},
month = {Luglio},
year = {2013},
url = {http://en.wikipedia.org/wiki/MP3}
}

@online{wiki2,
author = {Wikipedia},
title = {{Sound}},
date = {05/08/2013},
organization = {Wikipedia},
month = {Agosto},
year = {2013},
url = {http://en.wikipedia.org/wiki/Sound}
}

@online{wiki3,
author = {Wikipedia},
title = {{Lossy compression}},
date = {05/08/2013},
organization = {Wikipedia},
month = {Agosto},
year = {2013},
url = {http://en.wikipedia.org/wiki/Lossy_data_compression}
}



@online{wiki5,
author = {Wikipedia},
title = {{Absolute threshold of hearing}},
date = {10/08/2013},
organization = {Wikipedia},
month = {Agosto},
year = {2013},
url = {http://en.wikipedia.org/wiki/Absolute_threshold_of_hearing}
}

@online{wiki6,
author = {Wikipedia},
title = {{Pulse-code modulation}},
date = {29/07/2013},
organization = {Wikipedia},
month = {Luglio},
year = {2013},
url = {http://en.wikipedia.org/wiki/Pulse-code_modulation}
}

@online{mtu,
author = {MTU Physics},
title = {{Physics of Music - Notes}},
organization = {MTU Physics},
url = {http://www.phy.mtu.edu/~suits/Physicsofmusic.html}
}

@online{sellars,
author = {Paul Sellars},
title = {{Perceptual Coding: How Mp3 Compression Works}},
organization = {Sound on Sound},
month = {Maggio},
year = {2000},
url = {http://www.soundonsound.com/sos/may00/articles/mp3.htm}
}

@unpublished{raissi,
author = {Rassol Raissi},
title = {{The Theory Behind Mp3}},
organization = {MP3'Tech},
month = {Dicembre},
year = {2002},
url = {http://www.mp3-tech.org/programmer/docs/mp3_theory.pdf}
}

@online{petter,
author = {Tomas Pettersson},
title = {{Basic sound theory and synthesis}},
date = {25/03/2010},
month = {Marzo},
year = {2010},
url = {http://drpetter.se/article_sound.html}
}

@online{stefanek,
author = {Szymon Stefanek},
title = {{Harmony and Waveforms}},
year = {2007},
url = {http://www.pragmaware.net/articles/harmony/index.php}
}

@online{rozzi,
author = {Carlo Andrea Rozzi},
title = {{Mascheramento}},
date = {08/10/2010},
month = {Ottobre},
year = {2010},
url = {http://fisicaondemusica.unimore.it/Mascheramento.html}
}

@online{comefunziona,
author = {ComeFunziona.net},
title = {{MP3}},
url = {http://www.comefunziona.net/arg/mp3/}
}

@online{pootle1,
author = {{Pootle\_1}},
title = {{Difference between Mp3gain and Replaygain}},
organization = {Hydrogenaudio},
date = {30/07/2004},
month = {Luglio},
year = {2004},
url = {http://www.hydrogenaudio.org/forums/index.php?showtopic=24527}
}

@online{hydrogenaudio,
author = {Hydrogenaudio},
title = {{MP3}},
organization = {Hydrogenaudio},
date = {29/01/2013},
month = {Gennaio},
year = {2013},
url = {http://wiki.hydrogenaudio.org/index.php?title=MP3}
}

@online{baldussi,
author = {{Mariella Baldussi}},
title = {{Notes about Audio MPEG 2}},
url = {http://www.lim.dico.unimi.it/IEEE/MPEG2/MPEG2IDX.HTM}
}

@online{scarpiniti,
author = {{Michele Scarpiniti}},
title = {{Laboratorio per l'Elaborazione MultiMediale Lezione 4 - Banco Filtri}},
organization = {Dipartimento di Ingegneria dell'Informazione, Elettronica e Telecomunicazioni ``Sapienza'' Università di Roma},
date = {08/04/2011},
month = {Aprile},
year = {2011},
url = {http://ispac.ing.uniroma1.it/scarpiniti/files/LabEMM/Less4.pdf}
}

@online{vercellesi,
author = {Giancarlo Vercellesi},
title = {{MPEG / AUDIO TUTORIAL}},
organization = {L.I.M. - Laboratorio di Informatica Musicale, DICo - Dipartimento di Informatica e Comunicazione, Università degli Studi di Milano},
date = {09/03/2005},
month = {Marzo},
year = {2005},
url = {http://www.lim.dico.unimi.it/teaching/materials_pdf/MPEG_infoMusicale.pdf}
}

@online{a/i,
author = {A/I},
title = {{Dentro l' MP3}},
year = {2001},
url = {http://www.autistici.org/hacklab_fi/2001/netart/inside-mp3.html}
}

@thesis{jacaba,
author = {Joebert S. Jacaba},
title = {AUDIO COMPRESSION USING MODIFIED DISCRETE COSINE TRANSFORM: THE MP3 CODING STANDARD},
institution = {Department of Mathematics, College of Science, The University of the Philippines, Diliman, Quezon City},
month = {Ottobre},
year = {2011},
url = {http://www.mp3-tech.org/programmer/docs/jacaba_main.pdf}
}

@online{kilgore_wu,
author = {Mark Kilgore and Jamie Wu},
title = {{MPEG, the MP3 Standard, and Audio Compression}},
date = {16/09/2003},
month = {Settembre},
year = {2003},
url = {http://www-ee.stanford.edu/~osgood/Sophomore%20College//Audio%20Compression%20and%20the%20MP3%20Standard.pdf}
}

@online{lee,
author = {Wen-Chieh Lee},
title = {{Design of the Audio Coding Standards for MPEG and AC-3}},
url = {http://www.mp3-tech.org/programmer/docs/paper-1-english.pdf}
}

@unpublished{landi,
author = {Gregorio Landi},
title = {{Elementi di Teoria dell’Informazione}},
date = {04/03/2013},
month = {Marzo},
year = {2013}
}

@thesis{lai,
author = {Hung-Chih Lai},
title = {{REAL-TIME IMPLEMENTATION OF MPEG-1 LAYER 3 AUDIO DECODER ON A DSP CHIP}},
institution = {Department of Electrical and Control Engineering, College of Electrical Engineering and Computer Science, National Chiao-Tung University},
month = {Giugno},
year = {2001},
url = {http://www.mp3-tech.org/programmer/docs/thesis_lai.pdf}
}