@inproceedings{qest15,
    author = {L. Carnevali and C. Nugent and F. Patara and E. Vicario},
    title = {A Continuous-Time Model-Based Approach to Activity Recognition for Ambient Assisted Living},
    date = {Sept. 2015},
    eventtitle = {QEST},
    eventdate = {Sept. 2015},
    venue = {Madrid},
    doi = {10.1007/978-3-319-22264-6\_3}
}

@inproceedings{epew16,
    author = {M. Biagi and L. Carnevali and M. Paolieri and F. Patara and E. Vicario},
    title = {A stochastic model-based approach to online event prediction and response scheduling},
    date = {2016},
    eventtitle = {EPEW},
    eventdate = {2016}
}
