@article{qiu2001stochastic,
  title={Stochastic modeling of a power-managed system-construction and optimization},
  author={Qiu, Qinru and Qu, Q and Pedram, Massoud},
  journal={IEEE Transactions on computer-aided design of integrated circuits and systems},
  volume={20},
  number={10},
  pages={1200--1217},
  year={2001},
  publisher={IEEE}
}

@misc{prism-tutorial3,
  author = {{PRISM Team}},
  title = {{PRISM Tutorial Part 3: Dynamic power management}},
  howpublished = "\url{http://www.prismmodelchecker.org/tutorial/power.php}",
  note = "[Online; accessed 18-September-2017]"
}

@inproceedings{KNP11,
  author={M. Kwiatkowska and G. Norman and D. Parker},
  title={{PRISM} 4.0: Verification of Probabilistic Real-time Systems},
  booktitle={Proc. 23rd International Conference on Computer Aided Verification (CAV'11)},
  year={2011},
  
  editor={G. Gopalakrishnan and S. Qadeer},
  pages={585--591},
  organization={},
  publisher={Springer},
  series={LNCS},
  volume={6806},
  address={},
  month={},
  note={},
  key={}
}
