@inproceedings{martina2016performance,
  title={\href{https://doi.org/10.1109/MASCOTS.2016.72}{Performance Evaluation of Fischer's Protocol through Steady-State Analysis of Markov Regenerative Processes}},
  author={Martina, Stefano and Paolieri, Marco and Papini, Tommaso and Vicario, Enrico},
  booktitle={Modeling, Analysis and Simulation of Computer and Telecommunication Systems (MASCOTS), 2016 IEEE 24th International Symposium on},
  pages={355--360},
  year={2016},
  organization={IEEE}
}

@inproceedings{logothetis1995markov,
  title={\href{https://doi.org/10.1109/IPDS.1995.395809}{Markov regenerative models}},
  author={Logothetis, Dimitris and Trivedi, Kishor S and Puliafito, Antonio},
  booktitle={Computer Performance and Dependability Symposium, 1995. Proceedings., International},
  pages={134--142},
  year={1995},
  organization={IEEE}
}

@inproceedings{biagi2017inspection,
  title={\href{https://doi.org/10.1007/978-3-319-66583-2_10}{An Inspection-Based Compositional Approach to the Quantitative Evaluation of Assembly Lines}},
  author={Biagi, Marco and Carnevali, Laura and Papini, Tommaso and Tadano, Kumiko and Vicario, Enrico},
  booktitle={European Workshop on Performance Engineering},
  pages={152--166},
  year={2017},
  organization={Springer}
}

@inproceedings{biagi2017exploiting,
  title={\href{https://doi.org/10.1007/978-3-319-66335-7_2}{Exploiting Non-deterministic Analysis in the Integration of Transient Solution Techniques for Markov Regenerative Processes}},
  author={Biagi, Marco and Carnevali, Laura and Paolieri, Marco and Papini, Tommaso and Vicario, Enrico},
  booktitle={International Conference on Quantitative Evaluation of Systems},
  pages={20--35},
  year={2017},
  organization={Springer}
}

@article{bucci2010oris,
  title={\href{https://doi.org/10.1007/s10009-010-0156-8}{Oris: a tool for modeling, verification and evaluation of real-time systems}},
  author={Bucci, Giacomo and Carnevali, Laura and Ridi, Lorenzo and Vicario, Enrico},
  journal={International Journal on Software Tools for Technology Transfer (STTT)},
  volume={12},
  number={5},
  pages={391--403},
  year={2010},
  publisher={Springer}
}
