% !TeX spellcheck = en_GB
@inproceedings{carnevali2015continuous,
  title={\href{http://dx.doi.org/10.1007/978-3-319-22264-6_3}{A continuous-time model-based approach to activity recognition for ambient assisted living}},
  author={Carnevali, Laura and Nugent, Christopher and Patara, Fulvio and Vicario, Enrico},
  booktitle={International Conference on Quantitative Evaluation of Systems},
  pages={38--53},
  year={2015},
  organization={Springer}
}

@inproceedings{epew16,
    author = {Biagi, Marco and Carnevali, Laura and Paolieri, Marco and Patara, Fulvio and Vicario, Enrico},
    title = {\href{http://www.epew2016.unifi.it/}{A stochastic model-based approach to online event prediction and response scheduling}},
    month = {October},
    year = {2016},
    date = {Oct. 2016},
    booktitle = {13th European Workshop on Performance Engineering},
    eventtitle = {EPEW},
    eventdate = {Oct. 2016},
    venue = {Chios, Greece}
}

@online{smartcomp,
title = {Smartcomp},
url = {http://www.smart-comp.org/}
}

@book{chiang2001fault,
  title={\href{https://books.google.it/books?id=G71zWeHzg2QC}{Fault detection and diagnosis in industrial systems}},
  author={Chiang, Leo H and Braatz, Richard D and Russell, Evan L},
  year={2001},
  publisher={Springer Science \& Business Media}
}

@inproceedings{mascots16,
    author = {Martina, Stefano and Paolieri, Marco and Papini, Tommaso and Vicario, Enrico},
    title = {\href{https://stlab.dinfo.unifi.it/paolieri/papers/2016_mascots_performance_fischer_sync.pdf}{Performance Evaluation of Fischer's Protocol through Steady-State Analysis of Markov Regenerative Processes}},
    month = {September},
    year = {2016},
    date = {Sept. 2016},
    booktitle = {Modelling, Analysis and Simulation of Computer and Telecommunication Systems},
    eventtitle = {MASCOTS},
    eventdate = {Sept. 2016},
    venue = {London, United Kingdom}
}

@article{cook2009ambient,
  title={\href{http://dx.doi.org/10.1016/j.pmcj.2009.04.001}{Ambient intelligence: Technologies, applications, and opportunities}},
  author={Cook, Diane J and Augusto, Juan C and Jakkula, Vikramaditya R},
  journal={Pervasive and Mobile Computing},
  volume={5},
  number={4},
  pages={277--298},
  year={2009},
  publisher={Elsevier}
}

@article{horvath2012transient,
  title={\href{http://dx.doi.org/10.1016/j.peva.2011.11.002}{Transient analysis of non-Markovian models using stochastic state classes}},
  author={Horv{\'a}th, Andr{\'a}s and Paolieri, Marco and Ridi, Lorenzo and Vicario, Enrico},
  journal={Performance Evaluation},
  volume={69},
  number={7},
  pages={315--335},
  year={2012},
  publisher={Elsevier}
}

@article{bucci2010oris,
  title={\href{http://dx.doi.org/10.1007/s10009-010-0156-8}{Oris: a tool for modeling, verification and evaluation of real-time systems}},
  author={Bucci, Giacomo and Carnevali, Laura and Ridi, Lorenzo and Vicario, Enrico},
  journal={International journal on software tools for technology transfer},
  volume={12},
  number={5},
  pages={391--403},
  year={2010},
  publisher={Springer}
}

@inproceedings{logothetis1995markov,
  title={\href{http://dx.doi.org/10.1109/IPDS.1995.395809}{Markov regenerative models}},
  author={Logothetis, Dimitris and Trivedi, Kishor S and Puliafito, Antonio},
  booktitle={Computer Performance and Dependability Symposium, 1995. Proceedings., International},
  pages={134--142},
  year={1995},
  organization={IEEE}
}

@article{van2004workflow,
  title={\href{http://dx.doi.org/10.1109/TKDE.2004.47}{Workflow mining: Discovering process models from event logs}},
  author={Van der Aalst, Wil and Weijters, Ton and Maruster, Laura},
  journal={IEEE Transactions on Knowledge and Data Engineering},
  volume={16},
  number={9},
  pages={1128--1142},
  year={2004},
  publisher={IEEE}
}

@article{blair2009models,
  title={\href{http://dx.doi.org/10.1109/MC.2009.326}{Models@ run. time}},
  author={Blair, Gordon and Bencomo, Nelly and France, Robert B},
  journal={Computer},
  volume={42},
  number={10},
  pages={22--27},
  year={2009},
  publisher={IEEE}
}

@article{rabiner1986introduction,
  title={\href{http://dx.doi.org/10.1109/MASSP.1986.1165342}{An introduction to hidden Markov models}},
  author={Rabiner, Lawrence and Juang, B},
  journal={ieee assp magazine},
  volume={3},
  number={1},
  pages={4--16},
  year={1986},
  publisher={IEEE}
}

@inproceedings{lafferty2001conditional,
  title={\href{http://citeseerx.ist.psu.edu/viewdoc/download?doi=10.1.1.26.803&rep=rep1&type=pdf}{Conditional random fields: Probabilistic models for segmenting and labeling sequence data}},
  author={Lafferty, John and McCallum, Andrew and Pereira, Fernando},
  booktitle={Proceedings of the eighteenth international conference on machine learning, ICML},
  volume={1},
  pages={282--289},
  year={2001}
}

@incollection{lipsky2009semi,
  title={\href{http://dx.doi.org/10.1007/978-0-387-49706-8_8}{Semi Markov Process}},
  author={Lipsky, Lester},
  booktitle={Queueing Theory},
  pages={453--504},
  year={2009},
  publisher={Springer}
}

@book{puterman2014markov,
  title={\href{https://books.google.it/books?id=VvBjBAAAQBAJ}{Markov decision processes: discrete stochastic dynamic programming}},
  author={Puterman, Martin L},
  year={2014},
  publisher={John Wiley \& Sons}
}

@article{baier2005efficient,
  title={\href{http://dx.doi.org/10.1016/j.tcs.2005.07.022}{Efficient computation of time-bounded reachability probabilities in uniform continuous-time Markov decision processes}},
  author={Baier, Christel and Hermanns, Holger and Katoen, Joost-Pieter and Haverkort, Boudewijn R},
  journal={Theoretical Computer Science},
  volume={345},
  number={1},
  pages={2--26},
  year={2005},
  publisher={Elsevier}
}

@article{akhras2000smart,
  title={\href{http://www.journal.forces.gc.ca/vo1/no3/doc/25-32-eng.pdf}{Smart materials and smart systems for the future}},
  author={Akhras, Georges},
  journal={Canadian Military Journal},
  volume={1},
  number={3},
  pages={25--31},
  year={2000}
}

@article{wadhawan2005smart,
  title={\href{http://dx.doi.org/10.1007/BF02837643}{Smart structures and materials}},
  author={Wadhawan, VK},
  journal={Resonance},
  volume={10},
  number={11},
  pages={27--41},
  year={2005},
  publisher={Springer}
}

@article{monahan1982state,
  title={\href{http://dx.doi.org/10.1287/mnsc.28.1.1}{State of the artâ€”a survey of partially observable Markov decision processes: theory, models, and algorithms}},
  author={Monahan, George E},
  journal={Management Science},
  volume={28},
  number={1},
  pages={1--16},
  year={1982},
  publisher={INFORMS}
}
