% !TeX spellcheck = en_GB
@inproceedings{mascots16,
  author = {Martina, Stefano and Paolieri, Marco and Papini, Tommaso and Vicario, Enrico},
  title = {\href{https://stlab.dinfo.unifi.it/paolieri/papers/2016_mascots_performance_fischer_sync.pdf}{Performance Evaluation of Fischer's Protocol through Steady-State Analysis of Markov Regenerative Processes}},
  month = {September},
  year = {2016},
  date = {Sept. 2016},
  booktitle = {Modelling, Analysis and Simulation of Computer and Telecommunication Systems},
  eventtitle = {MASCOTS},
  eventdate = {Sept. 2016},
  venue = {London, United Kingdom}
}

@misc{fischer85,
  author        = {Michael Fischer},
  title         = {Re: Where are you?},
  howpublished  = {{Email sent to Leslie Lamport, ARPANET message number 8506252257.AA07636@YALE-BULLDOG.YALE.ARPA (47 lines)}},
  year          = "June 25, 1985 18:56:29 EDT"
}

@inproceedings{german1995transient,
  title={\href{http://dx.doi.org/10.1109/PNPM.1995.524320}{Transient analysis of Markov regenerative stochastic Petri nets: A comparison of approaches}},
  author={German, Reinhard and Logothetis, Dimitris and Trivedi, Kishor S},
  booktitle={Petri Nets and Performance Models, 1995., Proceedings of the Sixth International Workshop on},
  pages={103--112},
  year={1995},
  organization={IEEE}
}

@article{bucci2010oris,
  title={\href{http://dx.doi.org/10.1007/s10009-010-0156-8}{Oris: a tool for modeling, verification and evaluation of real-time systems}},
  author={Bucci, Giacomo and Carnevali, Laura and Ridi, Lorenzo and Vicario, Enrico},
  journal={International journal on software tools for technology transfer},
  volume={12},
  number={5},
  pages={391--403},
  year={2010},
  publisher={Springer}
}
