@misc{indico:features,
	author = {Indico Team},
	title = {Indico Features},
	organization = {CERN},
	year = {2014},
	url = {http://indico.github.io/features/}
}

@misc{indico:user_guide,
	author = {Indico Team},
	title = {Indico's User Guide},
	organization = {CERN},
	url = {https://indico.cern.ch/ihelp/html/UserGuide/index.html}
}

@misc{indico:service_description,
	author = {IT Dept},
	title = {Indico service description},
	organization = {CERN},
	url = {http://information-technology.web.cern.ch/services/fe/indico}
}

@misc{wiki:CERN,
	author = {Wikipedia},
	title = {{CERN}},
	date = {24 Aprile 2015},
	organization = {Wikipedia},
	month = {Aprile},
	year = {2015},
	url = {http://en.wikipedia.org/wiki/CERN},
}

@misc{wiki:WZ,
	author = {Wikipedia},
	title = {{W} and {Z} bosons},
	date = {30 Aprile 2015},
	organization = {Wikipedia},
	month = {Aprile},
	year = {2015},
	url = {http://en.wikipedia.org/wiki/W_and_Z_bosons},
}

@misc{wiki:CP,
	author = {Wikipedia},
	title = {{CP} violation},
	date = {29 Aprile 2015},
	organization = {Wikipedia},
	month = {Aprile},
	year = {2015},
	url = {http://en.wikipedia.org/wiki/CP_violation},
}

@misc{wiki:NA48,
	author = {Wikipedia},
	title = {{NA48} experiment},
	date = {17 Marzo 2015},
	organization = {Wikipedia},
	month = {Marzo},
	year = {2015},
	url = {http://en.wikipedia.org/wiki/NA48_experiment},
}

@misc{wiki:higgs,
	author = {Wikipedia},
	title = {Higgs boson},
	date = {1 Maggio 2015},
	organization = {Wikipedia},
	month = {Maggio},
	year = {2015},
	url = {http://en.wikipedia.org/wiki/Higgs_boson},
}

@misc{cern:culture_values,
	author = {CERN},
	title = {Culture and values},
	organization = {CERN},
	year = {2015},
	url = {http://jobs.web.cern.ch/content/culture-and-values}
}

@misc{cern:carreer,
	author = {CERN},
	title = {Your carreer},
	organization = {CERN},
	year = {2015},
	url = {http://jobs.web.cern.ch/content/your-career}
}

@misc{cern:structure,
	author = {CERN},
	title = {The structure of CERN},
	organization = {CERN},
	year = {2015},
	url = {http://home.web.cern.ch/about/structure-cern}
}

@misc{indico:wsgi,
	author = {Indico Team},
	title = {{WSGI}},
	organization = {CERN},
	date = {22 Febbraio 2011},
	month = {Febbraio},
	year = {2011},
	url = {http://old.indico-software.org/wiki/Dev/Technical/WSGI}
}

@misc{indico:zodb,
	author = {Indico Team},
	title = {{ZODB}},
	organization = {CERN},
	date = {13 Settembre 2010},
	month = {Settembre},
	year = {2010},
	url = {http://old.indico-software.org/wiki/Dev/Technical/DB}
}

@unpublished{pedro:chep,
	author = {Pedro Ferreira},
	title = {The road to Indico 2.0},
	date = {13 Aprile 2015},
	subtitle = {Achievements and challenges ahead},
	howpublished = {Presentazione al CHEP 2015},
	location = {Okinawa, Japan},
	month = {Aprile},
	year = {2015},
	url = {https://indico.cern.ch/event/304944/session/6/contribution/61/material/slides/0.pdf}
}

@misc{indico:flask,
	author = {Indico Team},
	title = {{Flask}},
	organization = {CERN},
	date = {22 Luglio 2013},
	month = {Luglio},
	year = {2013},
	url = {http://old.indico-software.org/wiki/Dev/Technical/Flask/Usage}
}

@misc{indico:template_engines,
	author = {Indico Team},
	title = {{Template engines}},
	organization = {CERN},
	date = {24 Febbraio 2011},
	month = {Febbraio},
	year = {2011},
	url = {http://old.indico-software.org/wiki/Dev/Technical/TemplateEngines}
}

@misc{fuller:beauty_cloud-init,
    author = {Brandon Fuller},
    title = {{The Beauty of CloudInit}},
    date = {2 Maggio 2011},
    month = {Maggio},
    year = {2011},
    url = {http://brandon.fuller.name/archives/2011/05/02/06.40.57/}
}

@misc{cloud-init:readthedocs,
    author = {CloudInit Team},
    title = {{Cloud-init Documentation}},
    url = {https://cloudinit.readthedocs.org/en/latest/index.html}
}

@misc{sriram:kvm_qemu,
    author = {Sriram S.},
    title = {{KVM and QEMU â€“ do you know the connection?}},
    date = {10 Marzo 2014},
    month = {Marzo},
    year = {2014},
    url = {http://www.innervoice.in/blogs/2014/03/10/kvm-and-qemu/}
}

@misc{fabric:documentation,
    author = {Fabric Team},
    title = {{Fabric Documentation}},
    url = {http://docs.fabfile.org/en/1.10/}
}

@misc{qemu:wiki,
    author = {QEMU Team},
    title = {{QEMU Wiki}},
    url = {http://wiki.qemu.org/Main_Page}
}

@misc{kvm:wiki,
    author = {KVM Team},
    title = {{KVM Wiki}},
    url = {http://www.linux-kvm.org/page/Main_Page}
}

@misc{pedro:gist,
    author = {Pedro Ferreira},
    title = {{Improving the worldwide impact of Indico}},
    date = {5 Aprile 2013},
    month = {Aprile},
    year = {2013},
    url = {https://gist.github.com/pferreir/a819d1b99b9d225f4e0b}
}

@misc{python:sdist,
    author = {Python Team},
    title = {{Creating a Source Distribution}},
    url = {https://docs.python.org/2/distutils/sourcedist.html}
}

@misc{python:bdist,
    author = {Python Team},
    title = {{Creating Built Distributions}},
    url = {https://docs.python.org/2/distutils/builtdist.html}
}

@misc{github:api,
    author = {Github Team},
    title = {{Github Developer API}},
    url = {https://developer.github.com/v3/}
}

@misc{papini:kt,
    author = {Tommaso Papini},
    title = {{Indico KT Project: Improving the world-wide impact of Indico}},
    month = {Novembre},
    year = {2014},
    url = {http://slides.com/oddlord/indico-kt-project}
}

@misc{papini:cephalopod_readme,
    author = {Tommaso Papini},
    title = {{Cephalopod README.md}},
    date = {11 Giugno 2014},
    month = {Giugno},
    year = {2014},
    url = {https://github.com/oddlord/cephalopod/blob/master/README.md}
}

@misc{sqlalchemy:custom,
    author = {SQLAlchemy Team},
    title = {{Custom Types}},
    url = {http://docs.sqlalchemy.org/en/latest/core/custom_types.html\#marshal-json-strings}
}

@misc{google:maps,
    author = {Google Team},
    title = {{Google Maps JavaScript API}},
    url = {https://developers.google.com/maps/documentation/javascript/}
}
