@article{polillo:modello,
	author = {Roberto Polillo},
	title = {{Un modello di qualità per siti Web}},
	journaltitle = {Mondo Digitale},
	issue = {2},
	month = {Giugno},
	year = {2005},
	pages = {32-44},
	url = {http://www.rpolillo.it/wp-content/uploads/2010/09/ArticoloMondoDigitale.pdf}
}

@unpublished{verri:valutazione,
	author = {Maria Cecilia Verri},
	title = {{La valutazione dei siti Web}},
	howPublished = {Lucidi del corso di Interazione Uomo Macchina},
	year = {2014-2015},
	url = {http://e-l.unifi.it/moodle19/mod/resource/view.php?id=109349}
}

@unpublished{verri:modello,
	author = {Maria Cecilia Verri},
	title = {{Un modello di qualità per siti Web}},
	howPublished = {Lucidi del corso di Interazione Uomo Macchina},
	year = {2014-2015},
	url = {http://e-l.unifi.it/moodle19/mod/resource/view.php?id=109350}
}

