@online{wiki,
	author = {Wikipedia},
	title = {Flat file database},
	organization = {Wikipedia},
	date = {15/08/2013},
	month = {Agosto},
	year = {2013},
	url = {http://en.wikipedia.org/wiki/Flat_file_database}
}

@misc{gori,
	author = {Alessandro Gori},
	title = {{Data Warehousing (slides)}},
	location = {E-Learning UniFi},
	year = {2012-2013},
	url = {http://e-l.unifi.it/course/view.php?id=2329}
}

@book{9788838662911,
  Author = {Stefano Rizzi and Matteo Golfarelli},
  Title = {Data Warehouse. Teoria e pratica della progettazione},
  Publisher = {McGraw-Hill Companies},
  Year = {2006},
  ISBN = {8838662916},
  URL = {http://www.amazon.com/Warehouse-Teoria-pratica-della-progettazione/dp/8838662916%3FSubscriptionId%3D0JYN1NVW651KCA56C102%26tag%3Dtechkie-20%26linkCode%3Dxm2%26camp%3D2025%26creative%3D165953%26creativeASIN%3D8838662916}
}
