@misc{indico:features,
	author = {Indico Team},
	title = {Indico Features},
	organization = {CERN},
	year = {2014},
	url = {http://indico.github.io/features/}
}

@misc{indico:user_guide,
	author = {Indico Team},
	title = {Indico's User Guide},
	organization = {CERN},
	url = {https://indico.cern.ch/ihelp/html/UserGuide/index.html}
}

@misc{indico:service_description,
	author = {IT Dept},
	title = {Indico service description},
	organization = {CERN},
	url = {http://information-technology.web.cern.ch/services/fe/indico}
}

@misc{wiki:CERN,
	author = {Wikipedia},
	title = {{CERN}},
	date = {24 Aprile 2015},
	organization = {Wikipedia},
	month = {Aprile},
	year = {2015},
	url = {http://en.wikipedia.org/wiki/CERN},
}

@misc{wiki:WZ,
	author = {Wikipedia},
	title = {{W} and {Z} bosons},
	date = {30 Aprile 2015},
	organization = {Wikipedia},
	month = {Aprile},
	year = {2015},
	url = {http://en.wikipedia.org/wiki/W_and_Z_bosons},
}

@misc{wiki:CP,
	author = {Wikipedia},
	title = {{CP} violation},
	date = {29 Aprile 2015},
	organization = {Wikipedia},
	month = {Aprile},
	year = {2015},
	url = {http://en.wikipedia.org/wiki/CP_violation},
}

@misc{wiki:NA48,
	author = {Wikipedia},
	title = {{NA48} experiment},
	date = {17 Marzo 2015},
	organization = {Wikipedia},
	month = {Marzo},
	year = {2015},
	url = {http://en.wikipedia.org/wiki/NA48_experiment},
}

@misc{wiki:higgs,
	author = {Wikipedia},
	title = {Higgs boson},
	date = {1 Maggio 2015},
	organization = {Wikipedia},
	month = {Maggio},
	year = {2015},
	url = {http://en.wikipedia.org/wiki/Higgs_boson},
}

@misc{cern:culture_values,
	author = {CERN},
	title = {Culture and values},
	organization = {CERN},
	year = {2015},
	url = {http://jobs.web.cern.ch/content/culture-and-values}
}

@misc{cern:carreer,
	author = {CERN},
	title = {Your carreer},
	organization = {CERN},
	year = {2015},
	url = {http://jobs.web.cern.ch/content/your-career}
}

@misc{cern:structure,
	author = {CERN},
	title = {The structure of CERN},
	organization = {CERN},
	year = {2015},
	url = {http://home.web.cern.ch/about/structure-cern}
}

@misc{indico:wsgi,
	author = {Indico Team},
	title = {{WSGI}},
	organization = {CERN},
	date = {22 Febbraio 2011},
	month = {Febbraio},
	year = {2011},
	url = {http://old.indico-software.org/wiki/Dev/Technical/WSGI}
}

@misc{indico:zodb,
	author = {Indico Team},
	title = {{ZODB}},
	organization = {CERN},
	date = {13 Settembre 2010},
	month = {Settembre},
	year = {2010},
	url = {http://old.indico-software.org/wiki/Dev/Technical/DB}
}

@unpublished{pedro:chep,
	author = {Pedro Ferreira},
	title = {The road to Indico 2.0},
	date = {13 Aprile 2015},
	subtitle = {Achievements and challenges ahead},
	howpublished = {Presentazione al CHEP 2015},
	location = {Okinawa, Japan},
	month = {Aprile},
	year = {2015},
	url = {https://indico.cern.ch/event/304944/session/6/contribution/61/material/slides/0.pdf}
}

@misc{indico:flask,
	author = {Indico Team},
	title = {{Flask}},
	organization = {CERN},
	date = {22 Luglio 2013},
	month = {Luglio},
	year = {2013},
	url = {http://old.indico-software.org/wiki/Dev/Technical/Flask/Usage}
}

@misc{indico:template_engines,
	author = {Indico Team},
	title = {{Template engines}},
	organization = {CERN},
	date = {24 Febbraio 2011},
	month = {Febbraio},
	year = {2011},
	url = {http://old.indico-software.org/wiki/Dev/Technical/TemplateEngines}
}
