@Article{stasko90,
	author = {Stasko J.T.},
	title = {{Tango: A Framework and System for Algorithm Visualization}},
	journal = {IEEE Computer},
	volume = {23},
	month = {Settembre},
	year = {1990},
	pages = {27-39}
}

@Article{stasko92,
	author = {Stasko J.T.},
	title = {{Animating Algorithms with XTANGO}},
	journal = {SIGACT News},
	year = {1992},
	volume = {23},
	pages = {67-71},
	month = {Primavera}
}


@TechReport{stasko07,
	author = {Stasko J.T.},
	title = {{Algorithm Visualization: Reflections and Future Directions}},
	institution = {Information Interfaces Research Group, School of Interactive Computing \& GVU Center, Georgia Tech},
	month = {Settembre},
	year = {2007}
}

@Mastersthesis{yung,
	author = {Yung Mei Ki Amy},
	title = {{On-line Animation for a Programming Language Course}},
	school = {School of Computer Science and Software Engineering, Monash University},
	year = {2000}
}

@Misc{bell,
	author = {AT\&T Tech Channel},
	title = {{L6 part I (Bell Laboratories' Low Level Linked List Language)}},
	month = {Giugno},
	year = {2012},
	url = {http://techchannel.att.com/play-video.cfm/2012/8/6/AT\&T-Archives-L6-part-I-Bell-Laboratories-Low-Level-Linked-List-Language}
}

@Article{baecker98,
	author = {Baecker R.},
	title = {{Sorting Out Sorting: A Case Study of Software Visualization for Teaching Computer Science}},
	journal = {MIT Press},
	year = {1998},
	pages = {396-381},
}

@Article{brown84,
	author = {Brown M.H.},
	title = {{A System for Algorithm Animation}},
	journal = {Computer Graphics},
	year = {1984},
	month = {Luglio},
	pages = {177-186}
}

@Article{brown88,
	author = {Brown M.H.},
	title = {{Exploring Algorithms Using Balsa-II}},
	journal = {IEEE Computer},
	year = {1988},
	volume = {21},
	pages = {14-36},
	month = {Maggio}
}

@InProceedings{brown91,
	author = {Brown M.H.},
	title = {{Zeus: A System for Algorithm Animation and Multi-View Editing}},
	booktitle = {Visual Languages},
	pages = {4-9},
	year = {1991},
	address = {New York},
	organization = {IEEE Workshop}
}

@Misc{survey,
	title = {{Survey of Algorithmic Animation Platforms}},
	url = {http://www.diss.fu-berlin.de/diss/servlets/MCRFileNodeServlet/FUDISS\_derivate\_000000001358/03\_Kap\_2.pdf}
}

@Manual{leonardo,
	title = {{LEONARDO: a software visualization system}},
	author = {Crescenzi P. and Demetrescu C. and Finocchi I. and Petreschi R.},
	organization = {Dipartimento di Scienze dell'Informazione, Università degli Studi di Roma ``La Sapienza''},
	address = {Via Salaria 113, 00198 Roma, Italia}
	url = {http://citeseerx.ist.psu.edu/viewdoc/download?doi=10.1.1.17.9494\&rep=rep1\&type=pdf}
}

@Conference {hausner98,
	title = {{GAWAIN}: visualizing geometric algorithms with Web-based animation},
	booktitle = {SCG {\textquoteright}98: Proceedings of the fourteenth annual symposium on Computational geometry},
	year = {1998},
	pages = {411{\textendash}412},
	publisher = {ACM},
	organization = {ACM},
	address = {New York, NY, USA},
	isbn = {0-89791-973-4},
	doi = {http://doi.acm.org/10.1145/276884.276933},
	author = {Hausner Alejo and Dobkin David P.}
}

@Manual{roman91,
	title = {{Pavane: A System for Declarative Visualization of Concurrent Computations}},
	author = {Roman Gruia-Catalin and Cox Kenneth C. and Wilcox Donald and Plun Jerome},
	organization = {Department of Computer Science, Washington University},
	address = {Campus Box 1045, One Brookings Drive, Saint Louis, MO 63130-4899},
	month = {Marzo},
	year = {1991}
}

@Misc{catai,
	author = {Cattaneo G., Ferraro U., Italiano G.F., Scarano V.},
	title = {{The Main Features of CATAI}},
	url = {http://www.dia.unisa.it/cattaneo.dir/CATAI/node11.html}
}

@Misc{jhave,
author = {Naps Thomas L. and Eagan James R. and Norton Laura L.},
title = {{JHAVÉ -- An Enviroment to Actively Engage Students in Web-based Algorithm Visualizations}},
howpublished = {Lawrence University}
url = {http://www.lawrence.edu/dept/compsci/paper.html}
}

@Misc{openDSA-algoviz,
author = {Shaffer Cliff},
title = {{OpenDSA: An Active-eBook for Data Structures and Algorithms}},
howpublished = {Sito di presentazione},
month = {Gennaio},
year = {2012},
url = {http://algoviz.org/OpenDSA/}
}

@Article{taxonomy,
	author = {Price Blaine A. and Baecker Ronald M. and Small Ian S.},
	title = {{A Principled Taxonomy of Software Visualization}},
	journal = {Visual Languages and Computing},
	year = {1994},
	volume = {4},
	number = {3},
	pages = {211-266},
	month = {Luglio}
}

@Misc{html.it,
	author = {Guarini Gianluca},
	title = {{Da HTML 4 ad HTML5}},
	month = {Febbraio},
	year = {2011},
	url = {http://www.html.it/pag/19263/da-html-4-ad-html5/}
}

@Manual{w3c,
	title = {{HTML5 differences from HTML4}},
	author = {van Kesteren Anne and Pieters Simon},
	organization = {W3C},
	month = {Ottobre},
	year = {2012},
	url = {http://www.w3.org/TR/2012/WD-html5-diff-20121025/}
}

@Misc{svgVScanvas,
OPTauthor = {Mihai Sucan},
OPTtitle = {{SVG or Canvas? Choosing between the two}},
OPTmonth = {Giugno},
OPTyear = {2010},
url = {http://dev.opera.com/articles/view/svg-or-canvas-choosing-between-the-two/}
}

@Misc{voxels,
author = {Ricardo Cabello (aka Mr. Doob)},
title = {Voxels},
month = {Novembre},
year = {2010},
url = {http://mrdoob.com/129/Voxels\_HTML5}
}
